@article{TexasZigbeeVsThread,
title = {Exploring Thread and Zigbee for
home and building automation},
url = {https://www.ti.com/lit/wp/sway034/sway034.pdf?ts=1655697727510},
author = {Texas Instruments}
}

@article{IoTMarketSize,
title = {Global IoT market size},
url = {https://iot-analytics.com/iot-market-size/#:~:text=In\%20short,plays\%20in\%20reaching\%20sustainability\%20goals.},
author = {Philipp Wegner}
}
